
@book{duffy2016advanced,
  title={Advanced Engineering Mathematics with MATLAB},
  author={Duffy, D.G.},
  isbn={9781498739665},
  series={Advances in Applied Mathematics},
  url={https://books.google.co.uk/books?id=AdIBDgAAQBAJ},
  year={2016},
  publisher={CRC Press}
}



Affected by the position of the sun and climate conditions. 
Villalva
transformer

 Values of mean absolute error (MAE) and root mean square error (RMSE) were 1.53–2.29 and 1.94–3.27 MJ.m–2day–1 for the nMLP model.
[

Sharma, A., Sharma, A., Pandey, J.K., & Ram, M. (2022). Swarm Intelligence: Foundation, Principles, and Engineering Applications (1st ed.). CRC Press. https://doi.org/10.1201/9781003090038
